<record><leader>00000cas a22000007a 4500</leader><controlfield tag="001">15711336</controlfield><controlfield tag="008">870519d19631963wiuwr ne      0    0eng d</controlfield><datafield ind1=" " ind2=" " tag="010"><subfield code="a">sn 87082611 </subfield></datafield><datafield ind1=" " ind2=" " tag="040"><subfield code="a">NPV</subfield><subfield code="b">eng</subfield><subfield code="c">NPV</subfield><subfield code="d">OCLCQ</subfield></datafield><datafield ind1=" " ind2=" " tag="042"><subfield code="a">msc</subfield></datafield><datafield ind1="0" ind2="0" tag="245"><subfield code="a">Milwaukee weekend metro.</subfield></datafield><datafield ind1="1" ind2="3" tag="246"><subfield code="a">Metro</subfield></datafield><datafield ind1="1" ind2="3" tag="246"><subfield code="a">Milwaukee metro</subfield></datafield><datafield ind1=" " ind2=" " tag="260"><subfield code="a">Milwaukee, Wis. :</subfield><subfield code="b">[s.n.],</subfield><subfield code="c">1963-1963.</subfield></datafield><datafield ind1=" " ind2=" " tag="300"><subfield code="a">v.</subfield></datafield><datafield ind1=" " ind2=" " tag="310"><subfield code="a">Weekly</subfield></datafield><datafield ind1="0" ind2=" " tag="362"><subfield code="a">May, 1963-v. 1, no. 24 (Nov. 22-23-24, 1963).</subfield></datafield><datafield ind1=" " ind2=" " tag="752"><subfield code="a">United States</subfield><subfield code="b">Wisconsin</subfield><subfield code="c">Milwaukee</subfield><subfield code="d">Milwaukee.</subfield></datafield><datafield ind1=" " ind2=" " tag="752"><subfield code="a">United States</subfield><subfield code="b">Wisconsin</subfield><subfield code="c">Washington</subfield><subfield code="d">Milwaukee.</subfield></datafield><datafield ind1="0" ind2="0" tag="780"><subfield code="t">Milwaukee reporter</subfield><subfield code="w">(DLC)sn 87082483</subfield></datafield><datafield ind1="0" ind2="0" tag="785"><subfield code="t">Milwaukee metro</subfield><subfield code="w">(DLC)sn 87082612</subfield></datafield></record>